
@online{collisionphysics,
author = {Chris Hecker},
title = {Rigid Body Dynamics},
url = {http://chrishecker.com/images/e/e7/Gdmphys3.pdf}
}